<?xml version="1.0" encoding="UTF-8"?><collection xmlns="http://www.loc.gov/MARC21/slim"><record><leader>00533nam--2200169-i-4500</leader><controlfield tag="001">000002561</controlfield><controlfield tag="002">20161230</controlfield><controlfield tag="005">20170206235604</controlfield><controlfield tag="008">060222s1000------------r-----000-0-eng-d</controlfield><datafield ind1=" " ind2=" " tag="100"><subfield code="a">Crivii, M</subfield></datafield><datafield ind1=" " ind2=" " tag="245"><subfield code="a">Studiul caracteristicilor motorului asincron in regim pas cu pas comandat cu impulsuri</subfield></datafield><datafield ind1=" " ind2=" " tag="260"><subfield code="a">Bucuresti</subfield><subfield code="b">Cons.Nat.Al Ing.Si Tehn</subfield><subfield code="c">1969</subfield></datafield><datafield ind1=" " ind2=" " tag="300"><subfield code="a">10 p</subfield></datafield><datafield ind1=" " ind2=" " tag="490"><subfield code="a">A Doua Conferinta A Electricienilor. I. Sectia Masini Electrice</subfield></datafield><datafield ind1=" " ind2=" " tag="700"><subfield code="a">Kelemen, A</subfield></datafield><datafield ind1=" " ind2=" " tag="852"><subfield code="a">621.313.333.001</subfield></datafield><datafield ind1=" " ind2=" " tag="CAT"><subfield code="a">SYS</subfield><subfield code="c">20170206</subfield><subfield code="h">235604</subfield></datafield></record></collection>